@article{CGGI18,
  author    = {Ilaria Chillotti and
               Nicolas Gama and
               Mariya Georgieva and
               Malika Izabach{\`{e}}ne},
  title     = {{TFHE:} Fast Fully Homomorphic Encryption over the Torus},
  journal   = {{IACR} Cryptology ePrint Archive},
  volume    = {2018},
  pages     = {421},
  year      = {2018},
  url       = {https://eprint.iacr.org/2018/421},
  timestamp = {Tue, 14 Aug 2018 17:08:09 +0200},
  biburl    = {https://dblp.org/rec/bib/journals/iacr/ChillottiGGI18},
  bibsource = {dblp computer science bibliography, https://dblp.org}
}